<record><leader>00000cas a2200000 a 4500</leader><controlfield tag="001">12593908</controlfield><controlfield tag="008">850924d18881898ksuwr ne      0    0eng d</controlfield><datafield ind1=" " ind2=" " tag="010"><subfield code="a">sn 85029801 </subfield></datafield><datafield ind1=" " ind2=" " tag="040"><subfield code="a">KSH</subfield><subfield code="b">eng</subfield><subfield code="c">KSH</subfield><subfield code="d">NPT</subfield><subfield code="d">OCL</subfield><subfield code="d">OCLCQ</subfield></datafield><datafield ind1=" " ind2=" " tag="042"><subfield code="a">msc</subfield></datafield><datafield ind1="0" ind2=" " tag="130"><subfield code="a">Johnson City journal (Johnson City, Kan.)</subfield></datafield><datafield ind1="1" ind2="0" tag="245"><subfield code="a">Johnson City journal.</subfield></datafield><datafield ind1=" " ind2=" " tag="260"><subfield code="a">Johnson City, Kan. :</subfield><subfield code="b">John A. Webster,</subfield><subfield code="c">1888-1898.</subfield></datafield><datafield ind1=" " ind2=" " tag="300"><subfield code="a">11 v. :</subfield><subfield code="b">ill. ;</subfield><subfield code="c">48-56 cm.</subfield></datafield><datafield ind1=" " ind2=" " tag="310"><subfield code="a">Weekly</subfield></datafield><datafield ind1="0" ind2=" " tag="362"><subfield code="a">Vol. 1, no. 40 (Apr. 6, 1888)-v. 12, no. 36 (Mar. 12, 1898).</subfield></datafield><datafield ind1=" " ind2=" " tag="500"><subfield code="a">Publisher varies.</subfield></datafield><datafield ind1=" " ind2=" " tag="752"><subfield code="a">United States</subfield><subfield code="b">Kansas</subfield><subfield code="c">Stanton</subfield><subfield code="d">Johnson City.</subfield></datafield><datafield ind1="0" ind2="0" tag="780"><subfield code="t">Stanton County eclipse</subfield><subfield code="w">(DLC)sn 85029800</subfield></datafield><datafield ind1="0" ind2="5" tag="780"><subfield code="t">Johnson City world</subfield><subfield code="g">Dec. 7, 1888</subfield><subfield code="w">(DLC)sn 84030102</subfield></datafield><datafield ind1="0" ind2="5" tag="780"><subfield code="t">Border rover</subfield><subfield code="g">Mar. 9, 1889</subfield><subfield code="w">(DLC)sn 85029797</subfield></datafield><datafield ind1="0" ind2="5" tag="780"><subfield code="t">Stanton County republican</subfield><subfield code="g">Feb. 14, 1891</subfield><subfield code="w">(DLC)sn 85029805</subfield></datafield><datafield ind1="0" ind2="5" tag="780"><subfield code="t">Stanton County sun</subfield><subfield code="g">Jan. 27, 1894</subfield><subfield code="w">(DLC)sn 85029806</subfield></datafield><datafield ind1="0" ind2="0" tag="785"><subfield code="t">Syracuse news (Syracuse, Kan. : 1898)</subfield><subfield code="w">(DLC)sn 84030122</subfield></datafield><datafield ind1="1" ind2=" " tag="029"><subfield code="a">AU@</subfield><subfield code="b">000022172506</subfield></datafield></record>